@article{Madzvamuse2006,
    author = {Madzvamuse, Anotida},
    journal = {Journal of Computational Physics},
    number = {1},
    pages = {239--263},
    title = {{Time-stepping schemes for moving grid finite elements applied to reaction-diffusion systems on fixed and growing domains}},
    volume = {214},
    year = {2006}
}

@article{Murphy2016,
    author = {Murphy, Laura and Venkataraman, Chandrasekhar and Madzvamuse, Anotida},
    pages = {26},
    title = {{A Computational approach for Mode Isolation for Reaction-Diffusion Systems on Arbitraty Geometries}},
    year = {2016}
}

@article{Brake2013,
    author = {Brake, Matthew},
    journal = {Sandia Reports},
    title = {{IMEX-a: An adaptive, fifth order implicit-explicit integration scheme}},
    year = {2013}
}
    


